<record><leader>00000cas a2200000 a 4500</leader><controlfield tag="001">39373896</controlfield><controlfield tag="008">980630d19391939oruwr ne      0    0eng c</controlfield><datafield ind1=" " ind2=" " tag="010"><subfield code="a">sn 97071114 </subfield></datafield><datafield ind1=" " ind2=" " tag="040"><subfield code="a">OCN</subfield><subfield code="b">eng</subfield><subfield code="c">OCN</subfield><subfield code="d">OCLCQ</subfield><subfield code="d">OCLCO</subfield></datafield><datafield ind1="1" ind2=" " tag="029"><subfield code="a">AU@</subfield><subfield code="b">000014093059</subfield></datafield><datafield ind1=" " ind2=" " tag="042"><subfield code="a">pcc</subfield></datafield><datafield ind1=" " ind2=" " tag="043"><subfield code="a">n-us-or</subfield></datafield><datafield ind1="0" ind2="0" tag="245"><subfield code="a">Cascade Locks chronicle and the Bonneville Dam chronicle.</subfield></datafield><datafield ind1="1" ind2="3" tag="246"><subfield code="a">Cascade Locks chronicle</subfield></datafield><datafield ind1=" " ind2=" " tag="260"><subfield code="a">Cascade Locks, Or. :</subfield><subfield code="b">Sun Pub. Co.,</subfield><subfield code="c">1939.</subfield></datafield><datafield ind1=" " ind2=" " tag="300"><subfield code="a">v.</subfield></datafield><datafield ind1=" " ind2=" " tag="310"><subfield code="a">Weekly</subfield></datafield><datafield ind1="0" ind2=" " tag="362"><subfield code="a">Vol. 5, no. 48 (Mar. 3, 1939)-v. 6, no. 20 (Sept. 1, 1939).</subfield></datafield><datafield ind1=" " ind2=" " tag="530"><subfield code="a">Also issued on microfilm from University of Oregon.</subfield></datafield><datafield ind1=" " ind2="0" tag="651"><subfield code="a">Cascade Locks (Or.)</subfield><subfield code="v">Newspapers.</subfield></datafield><datafield ind1=" " ind2="0" tag="651"><subfield code="a">Bonneville (Or.)</subfield><subfield code="v">Newspapers.</subfield></datafield><datafield ind1=" " ind2="0" tag="651"><subfield code="a">Hood River County (Or.)</subfield><subfield code="v">Newspapers.</subfield></datafield><datafield ind1=" " ind2="0" tag="651"><subfield code="a">Bonneville Dam Area (Or. and Wash.)</subfield><subfield code="v">Newspapers.</subfield></datafield><datafield ind1=" " ind2=" " tag="752"><subfield code="a">United States</subfield><subfield code="b">Oregon</subfield><subfield code="c">Hood River</subfield><subfield code="d">Cascade Locks.</subfield></datafield><datafield ind1="0" ind2="0" tag="780"><subfield code="t">Bonneville Dam chronicle</subfield><subfield code="w">(DLC)sn 97071113</subfield></datafield><datafield ind1="0" ind2="4" tag="785"><subfield code="t">Hood River County sun</subfield><subfield code="w">(DLC)sn 97071115</subfield></datafield></record>